<?xml version="1.0" encoding="UTF-8"?><record xmlns="http://www.loc.gov/MARC21/slim" xmlns:cinclude="http://apache.org/cocoon/include/1.0" xmlns:zs="http://www.loc.gov/zing/srw/">
  <leader>00566nz  a2200133n  4500</leader>
  <controlfield tag="001">nr2003032381</controlfield>
  <controlfield tag="003">DLC</controlfield>
  <controlfield tag="005">20031009033122.0</controlfield>
  <controlfield tag="008">031003n| acannaabn          |n aaa     c</controlfield>
  <datafield tag="010" ind1=" " ind2=" ">
    <subfield code="a">nr2003032381</subfield>
  </datafield>
  <datafield tag="040" ind1=" " ind2=" ">
    <subfield code="a">MWA</subfield>
    <subfield code="b">eng</subfield>
    <subfield code="c">MWA</subfield>
  </datafield>
  <datafield tag="100" ind1="1" ind2=" ">
    <subfield code="a">Bailey, Ezra,</subfield>
    <subfield code="d">1797-1818</subfield>
  </datafield>
  <datafield tag="670" ind1=" " ind2=" ">
    <subfield code="a">Barton, I. Eulogy delivered in the chapel of Brown University, on Mr. Ezra Bailey, member of the sophmore class, who died Oct. 7, 1818, 1818.</subfield>
  </datafield>
  <datafield tag="670" ind1=" " ind2=" ">
    <subfield code="a">Brown Univ. Historical cat., 1764-1904, 1905:</subfield>
    <subfield code="b">p. 600 (Bailey, Ezra; student 1817-18; b. Little Compton, R.I.; Mar. 12, 1797; d. Oct. 7, 1818)</subfield>
  </datafield>
</record>